%% This BibTeX bibliography file was created using BibDesk.
%% http://bibdesk.sourceforge.net/


%% Created for 奥村 曉 at 2017-05-19 12:34:28 +0900 


%% Saved with string encoding Unicode (UTF-8) 

@string{nimpra = {Nucl.~Instr.~Meth.~Phys.~Res.~A}}

@article{Patrignani:2016:Review-of-Particle-Physics,
	Abstract = {The Review summarizes much of particle physics and cosmology. Using data from previous editions, plus 3,062 new measurements from 721 papers, we list, evaluate, and average measured properties of gauge bosons and the recently discovered Higgs boson, leptons, quarks, mesons, and baryons. We summarize searches for hypothetical particles such as supersymmetric particles, heavy bosons, axions, dark photons, etc. All the particle properties and search limits are listed in Summary Tables. We also give numerous tables, figures, formulae, and reviews of topics such as Higgs Boson Physics, Supersymmetry, Grand Unified Theories, Neutrino Mixing, Dark Energy, Dark Matter, Cosmology, Particle Detectors, Colliders, Probability and Statistics. Among the 117 reviews are many that are new or heavily revised, including those on Pentaquarks and Inflation. The complete Review is published online in a journal and on the website of the Particle Data Group ( http://pdg.lbl.gov [http://pdg.lbl.gov] ). The printed PDG Book contains the Summary Tables and all review articles but no longer includes the detailed tables from the Particle Listings. A Booklet with the Summary Tables and abbreviated versions of some of the review articles is also available. ----- -- Contents ----- --   ----- -- Abstract, Contributors, Highlights and Table of Contents -- Acrobat PDF (150 KB) [http://iopscience.iop.org/1674-1137/40/10/100001/media/rpp2016_0001-0010.pdf] ----- --   ----- -- Introduction -- Acrobat PDF (456 KB) [http://iopscience.iop.org/1674-1137/40/10/100001/media/rpp2016_0011-0026.pdf] ----- --   ----- -- Particle Physics Summary Tables ----- -- Gauge and Higgs bosons -- Acrobat PDF (155 KB) [http://iopscience.iop.org/1674-1137/40/10/100001/media/rpp2016_0029-0031.pdf] ----- -- Leptons -- Acrobat PDF (134 KB) [http://iopscience.iop.org/1674-1137/40/10/100001/media/rpp2016_0032-0035.pdf] ----- -- Quarks -- Acrobat PDF (84 KB) [http://iopscience.iop.org/1674-1137/40/10/100001/media/rpp2016_0036.pdf] ----- -- Mesons -- Acrobat PDF (871 KB) [http://iopscience.iop.org/1674-1137/40/10/100001/media/rpp2016_0037-0086.pdf] ----- -- Baryons -- Acrobat PDF (300 KB) [http://iopscience.iop.org/1674-1137/40/10/100001/media/rpp2016_0087-0102.pdf] ----- -- Searches (Supersymmetry, Compositeness, etc.) -- Acrobat PDF (91 KB) [http://iopscience.iop.org/1674-1137/40/10/100001/media/rpp2016_0103-0104.pdf] ----- -- Tests of conservation laws -- Acrobat PDF (330 KB) [http://iopscience.iop.org/1674-1137/40/10/100001/media/rpp2016_0105-0116.pdf] ----- --   ----- -- Reviews, Tables, and Plots ----- -- Detailed contents for this section -- Acrobat PDF (37 KB) [http://iopscience.iop.org/1674-1137/40/10/100001/media/rpp2016_0117-0118.pdf] ----- -- Constants, Units, Atomic and Nuclear Properties -- Acrobat PDF (278 KB) [http://iopscience.iop.org/1674-1137/40/10/100001/media/rpp2016_0119-0131.pdf] ----- -- Standard Model and Related Topics -- Acrobat PDF (7.3 MB) [http://iopscience.iop.org/1674-1137/40/10/100001/media/rpp2016_0132-0348.pdf] ----- -- Astrophysics and Cosmology -- Acrobat PDF (2.7 MB) [http://iopscience.iop.org/1674-1137/40/10/100001/media/rpp2016_0349-0428.pdf] ----- -- Experimental Methods and Colliders -- Acrobat PDF (3.8 MB) [http://iopscience.iop.org/1674-1137/40/10/100001/media/rpp2016_0429-0516.pdf] ----- -- Mathematical Tools or Statistics, Monte Carlo, GroupTheory       -- Acrobat PDF (1.3 MB) [http://iopscience.iop.org/1674-1137/40/10/100001/media/rpp2016_0517-0559.pdf] ----- -- Kinematics, Cross-Section Formulae, and Plots -- Acrobat PDF (3.9 MB) [http://iopscience.iop.org/1674-1137/40/10/100001/media/rpp2016_0560-0598.pdf] ----- --   ----- -- Particle Listings ----- -- Illustrative key and abbreviations -- Acrobat PDF (235 KB) [http://iopscience.iop.org/1674-1137/40/10/100001/media/rpp2016_0601-0610.pdf] ----- -- Gauge and Higgs bosons -- Acrobat PDF (2 MB) [http://iopscience.iop.org/1674-1137/40/10/100001/media/rpp2016_0613-0710.pdf] ----- -- Leptons -- Acrobat PDF (1.5 MB) [http://iopscience.iop.org/1674-1137/40/10/100001/media/rpp2016_0711-0790.pdf] ----- -- Quarks -- Acrobat PDF (1.2 MB) [http://iopscience.iop.org/1674-1137/40/10/100001/media/rpp2016_0791-0846.pdf] ----- -- Mesons: Light unflavored and strange -- Acrobat PDF (4 MB) [http://iopscience.iop.org/1674-1137/40/10/100001/media/rpp2016_0847-1043.pdf] ----- -- Mesons: Charmed and bottom -- Acrobat PDF (7.4 MB) [http://iopscience.iop.org/1674-1137/40/10/100001/media/rpp2016_1044-1363.pdf] ----- -- Mesons: Other -- Acrobat PDF (3.1 MB) [http://iopscience.iop.org/1674-1137/40/10/100001/media/rpp2016_1364-1500.pdf] ----- -- Baryons -- Acrobat PDF (3.97 MB) [http://iopscience.iop.org/1674-1137/40/10/100001/media/rpp2016_1501-1672.pdf] ----- -- Miscellaneous searches -- Acrobat PDF (2.4 MB) [http://iopscience.iop.org/1674-1137/40/10/100001/media/rpp2016_1673-1790.pdf] ----- --   ----- -- Index -- Acrobat PDF (160 KB) [http://iopscience.iop.org/1674-1137/40/10/100001/media/rpp2016_1791-1808.pdf] -----},
	Author = {C. Patrignani and {Particle Data Group}},
	Date-Added = {2017-05-19 03:34:18 +0000},
	Date-Modified = {2017-05-19 03:34:18 +0000},
	Journal = {Chinese Physics C},
	Number = {10},
	Pages = {100001},
	Title = {Review of Particle Physics},
	Url = {http://stacks.iop.org/1674-1137/40/i=10/a=100001},
	Volume = {40},
	Year = {2016}}

@article{Brun:1997:ROOT----An-object-oriented-data-analysis,
	Abstract = {
The ROOT system in an Object Oriented framework for large scale data analysis. ROOT written in C++, contains, among others, an efficient hierarchical OO database, a C++ interpreter, advanced statistical analysis (multi-dimensional histogramming, fitting, minimization, cluster finding algorithms) and visualization tools. The user interacts with ROOT via a graphical user interface, the command line or batch scripts. The command and scripting language is C++ (using the interpreter) and large scripts can be compiled and dynamically linked in. The OO database design has been optimized for parallel access (reading as well as writing) by multiple processes.},
	Author = {Rene Brun and Fons Rademakers},
	Date-Added = {2011-06-07 17:11:58 -0700},
	Date-Modified = {2016-01-21 10:20:29 +0000},
	Doi = {10.1016/S0168-9002(97)00048-X},
	Issn = {0168-9002},
	Journal = nimpra,
	Keywords = {ROOT and Software},
	Note = {New Computing Techniques in Physics Research V},
	Number = {1-2},
	Pages = {81--86},
	Title = {{ROOT} -- An object oriented data analysis framework},
	Url = {http://www.sciencedirect.com/science/article/pii/S016890029700048X},
	Volume = {389},
	Year = {1997},
	Bdsk-File-1 = {YnBsaXN0MDDUAQIDBAUGJCVYJHZlcnNpb25YJG9iamVjdHNZJGFyY2hpdmVyVCR0b3ASAAGGoKgHCBMUFRYaIVUkbnVsbNMJCgsMDxJXTlMua2V5c1pOUy5vYmplY3RzViRjbGFzc6INDoACgAOiEBGABIAFgAdccmVsYXRpdmVQYXRoWWFsaWFzRGF0YV8QP0JydW4xOTk3LVJPT1QgLS0gQW4gb2JqZWN0IG9yaWVudGVkIGRhdGEgYW5hbHlzaXMgZnJhbWV3b3JrLnBkZtIXCxgZV05TLmRhdGFPEQISAAAAAAISAAIAAAxNYWNpbnRvc2ggSEQAAAAAAAAAAAAAAAAAAAAAAAAAQkQAAf////8fQnJ1bjE5OTctUk9PVCAtLSBBI0ZGRkZGRkZGLnBkZgAAAAAAAAAAAAAAAAAAAAAAAAAAAAAAAAAAAAAAAAAA/////wAAAAAAAAAAAAAAAAABAAIAAAogY3UAAAAAAAAAAAAAAAAAB0JpYkRlc2sAAAIAXC86VXNlcnM6b3hvbjpEcm9wYm94OkJpYkRlc2s6QnJ1bjE5OTctUk9PVCAtLSBBbiBvYmplY3Qgb3JpZW50ZWQgZGF0YSBhbmFseXNpcyBmcmFtZXdvcmsucGRmAA4AgAA/AEIAcgB1AG4AMQA5ADkANwAtAFIATwBPAFQAIAAtAC0AIABBAG4AIABvAGIAagBlAGMAdAAgAG8AcgBpAGUAbgB0AGUAZAAgAGQAYQB0AGEAIABhAG4AYQBsAHkAcwBpAHMAIABmAHIAYQBtAGUAdwBvAHIAawAuAHAAZABmAA8AGgAMAE0AYQBjAGkAbgB0AG8AcwBoACAASABEABIAWlVzZXJzL294b24vRHJvcGJveC9CaWJEZXNrL0JydW4xOTk3LVJPT1QgLS0gQW4gb2JqZWN0IG9yaWVudGVkIGRhdGEgYW5hbHlzaXMgZnJhbWV3b3JrLnBkZgATAAEvAAAVAAIAC///AACABtIbHB0eWiRjbGFzc25hbWVYJGNsYXNzZXNdTlNNdXRhYmxlRGF0YaMdHyBWTlNEYXRhWE5TT2JqZWN00hscIiNcTlNEaWN0aW9uYXJ5oiIgXxAPTlNLZXllZEFyY2hpdmVy0SYnVHJvb3SAAQAIABEAGgAjAC0AMgA3AEAARgBNAFUAYABnAGoAbABuAHEAcwB1AHcAhACOANAA1QDdAvMC9QL6AwUDDgMcAyADJwMwAzUDQgNFA1cDWgNfAAAAAAAAAgEAAAAAAAAAKAAAAAAAAAAAAAAAAAAAA2E=},
	Bdsk-Url-1 = {http://www.sciencedirect.com/science/article/pii/S016890029700048X},
	Bdsk-Url-2 = {http://dx.doi.org/10.1016/S0168-9002(97)00048-X}}
